@misc{xiong2018practical,
    title={Practical Deep Reinforcement Learning Approach for Stock Trading},
    author={Zhuoran Xiong and Xiao-Yang Liu and Shan Zhong and Hongyang Yang and Anwar Walid},
    year={2018},
    eprint={1811.07522},
    archivePrefix={arXiv},
    primaryClass={cs.LG}
}


@article{Zhong2019,
	Author = {Zhong, Xiao and Enke, David},
	Day = {15},
	Doi = {10.1186/s40854-019-0138-0},
	Issn = {2199-4730},
	Journal = {Financial Innovation},
	Month = {Jun},
	Number = {1},
	Pages = {24},
	Title = {Predicting the daily return direction of the stock market using hybrid machine learning algorithms},
	Url = {https://doi.org/10.1186/s40854-019-0138-0},
	Volume = {5},
	Year = {2019},
	Bdsk-Url-1 = {https://doi.org/10.1186/s40854-019-0138-0}}
	


@article{SEZER2017473,
	Author = {Omer Berat Sezer and Murat Ozbayoglu and Erdogan Dogdu},
	Doi = {https://doi.org/10.1016/j.procs.2017.09.031},
	Issn = {1877-0509},
	Journal = {Procedia Computer Science},
	Keywords = {Stock Trading, Stock Market, Deep Neural-Network, Evolutionary Algorithms, Technical Analysis},
	Note = {Complex Adaptive Systems Conference with Theme: Engineering Cyber Physical Systems, CAS October 30 -- November 1, 2017, Chicago, Illinois, USA},
	Pages = {473 - 480},
	Title = {A Deep Neural-Network Based Stock Trading System Based on Evolutionary Optimized Technical Analysis Parameters},
	Url = {http://www.sciencedirect.com/science/article/pii/S1877050917318252},
	Volume = {114},
	Year = {2017},
	Bdsk-Url-1 = {http://www.sciencedirect.com/science/article/pii/S1877050917318252},
	Bdsk-Url-2 = {https://doi.org/10.1016/j.procs.2017.09.031}}
